@manual{mytweet,
      title  = "Using Twitter REST API v1.1 with Python",
      author = "Thomas Sileo",
      url    = "https://thomassileo.name/blog/2013/01/25/using-twitter-rest-api-v1-dot-1-with-python/",
      year   = "2013 (accessed Febrary 8, 2016)"
    }
@manual{extract_link,
      title  = "twitter-stream-extract-links.py",
      author = "ideoforms",
      url    = "https://github.com/ideoforms/python-twitter-examples/blob/master/twitter-stream-extract-links.py",
      year   = "2015 (accessed Febrary 9, 2016)"
    }
