@manual{curve,
      title  = "Curved Links",
      author = "Mike Bostock",
      url    = "http://bl.ocks.org/mbostock/4600693",
      year   = "2016 (accessed March 15, 2016)"
    }
@manual{gender,
      title  = "Determine the gender of a first name",
      author = "genderize.io",
      url    = "https://genderize.io/",
      year   = "2016 (accessed March 17, 2016)"
    }
