@manual{Broder2000,
      title  = "Graph structure in the web",
      author = "Andrei Broder and Ravi Kumar and Farzin Maghoul and Prabhakar Raghavan and Sridhar Rajagopalan and Raymie Stata and Andrew Tomkins and Janet Wiener",
      url    = "http://www9.org/w9cdrom/160/160.html",
      year   = "2000 (accessed January 27, 2016)"
    }
