@manual{plot,
      title  = "R plot x-axis label show first and last value of domain",
      author = "rputikar",
      url    = "http://stackoverflow.com/questions/14140448/r-plot-x-axis-label-show-first-and-last-value-of-domain",
      year   = "2013 (accessed Febrary 24, 2016)"
    }
