@manual{pci,
      title  = "programming-collective-intelligence-code",
      author = "cataska",
      url    = "https://github.com/cataska/programming-collective-intelligence-code/tree/master/chapter3",
      year   = "2016 (accessed April 7, 2016)"
    }
