
@manual{html,
      title  = "Python code to remove HTML tags from a string",
      author = "Amber",
      url    = "http://stackoverflow.com/questions/9662346/python-code-to-remove-html-tags-from-a-string",
      year   = "2012 (accessed April 21, 2016)"
    }


