@manual{totalweb,
      title  = "Total Number of Pages Indexed by Google",
      author = "Statistic brain",
      url    = "http://www.statisticbrain.com/total-number-of-pages-indexed-by-google/",
      year   = "2014 (accessed Febrary 16, 2016)"
    }
